<record><leader>00000cas a2200000 i 4500</leader><controlfield tag="001">662788640</controlfield><controlfield tag="006">m     o  d        </controlfield><controlfield tag="007">cr |||||||||||</controlfield><controlfield tag="008">100908d18801884nyuwr neo     0    0eng c</controlfield><datafield ind1=" " ind2=" " tag="010"><subfield code="a">  2013254345</subfield></datafield><datafield ind1=" " ind2=" " tag="040"><subfield code="a">CUI</subfield><subfield code="b">eng</subfield><subfield code="e">rda</subfield><subfield code="c">CUI</subfield><subfield code="d">CRL</subfield><subfield code="d">OCLCQ</subfield><subfield code="d">AANWS</subfield><subfield code="d">CUS</subfield><subfield code="d">OCLCF</subfield><subfield code="d">CRL</subfield><subfield code="d">OCLCO</subfield><subfield code="d">HTM</subfield><subfield code="d">OCLCO</subfield></datafield><datafield ind1=" " ind2=" " tag="019"><subfield code="a">664617556</subfield></datafield><datafield ind1=" " ind2=" " tag="042"><subfield code="a">pcc</subfield></datafield><datafield ind1=" " ind2=" " tag="043"><subfield code="a">n-us-ny</subfield></datafield><datafield ind1="1" ind2="4" tag="050"><subfield code="a">AN</subfield></datafield><datafield ind1="0" ind2=" " tag="130"><subfield code="a">New York globe (New York, N.Y. : 1880)</subfield></datafield><datafield ind1="1" ind2="4" tag="245"><subfield code="a">The New York globe.</subfield></datafield><datafield ind1="1" ind2=" " tag="246"><subfield code="a">Globe</subfield></datafield><datafield ind1=" " ind2="1" tag="264"><subfield code="a">New York [N.Y.] :</subfield><subfield code="b">George Parker &amp; Co.,</subfield><subfield code="c">[1880]-1884.</subfield></datafield><datafield ind1=" " ind2=" " tag="300"><subfield code="a">1 online resource</subfield></datafield><datafield ind1=" " ind2=" " tag="310"><subfield code="a">Weekly</subfield></datafield><datafield ind1=" " ind2=" " tag="336"><subfield code="a">text</subfield><subfield code="b">txt</subfield><subfield code="2">rdacontent</subfield></datafield><datafield ind1=" " ind2=" " tag="337"><subfield code="a">computer</subfield><subfield code="b">c</subfield><subfield code="2">rdamedia</subfield></datafield><datafield ind1=" " ind2=" " tag="338"><subfield code="a">online resource</subfield><subfield code="b">cr</subfield><subfield code="2">rdacarrier</subfield></datafield><datafield ind1="1" ind2=" " tag="362"><subfield code="a">Began in 1880; ceased with whole number 236 (November 8, 1884).</subfield></datafield><datafield ind1=" " ind2=" " tag="588"><subfield code="a">Description based on: Whole number 141 (January 6, 1883); title from PDF masthead (Readex America's Historical Newspapers Web site, viewed June 13, 2013).</subfield></datafield><datafield ind1=" " ind2=" " tag="588"><subfield code="a">Latest issue consulted: Whole number 236 (November 8, 1884) (viewed June 13, 2013).</subfield></datafield><datafield ind1=" " ind2="0" tag="650"><subfield code="a">African Americans</subfield><subfield code="z">New York (State)</subfield><subfield code="v">Newspapers.</subfield></datafield><datafield ind1=" " ind2="0" tag="650"><subfield code="a">African American newspapers</subfield><subfield code="z">New York (State)</subfield><subfield code="v">Newspapers.</subfield></datafield><datafield ind1=" " ind2="0" tag="651"><subfield code="a">New York (N.Y.)</subfield><subfield code="v">Newspapers.</subfield></datafield><datafield ind1=" " ind2="0" tag="651"><subfield code="a">New York County (N.Y.)</subfield><subfield code="v">Newspapers.</subfield></datafield><datafield ind1=" " ind2="7" tag="650"><subfield code="a">African American newspapers.</subfield><subfield code="2">fast</subfield><subfield code="0">(OCoLC)fst00799278</subfield></datafield><datafield ind1=" " ind2="7" tag="650"><subfield code="a">African Americans.</subfield><subfield code="2">fast</subfield><subfield code="0">(OCoLC)fst00799558</subfield></datafield><datafield ind1=" " ind2="7" tag="651"><subfield code="a">New York (State)</subfield><subfield code="2">fast</subfield><subfield code="0">(OCoLC)fst01210280</subfield></datafield><datafield ind1=" " ind2="7" tag="651"><subfield code="a">New York (State)</subfield><subfield code="z">New York.</subfield><subfield code="2">fast</subfield><subfield code="0">(OCoLC)fst01204333</subfield></datafield><datafield ind1=" " ind2="7" tag="651"><subfield code="a">New York (State)</subfield><subfield code="z">New York County.</subfield><subfield code="2">fast</subfield><subfield code="0">(OCoLC)fst01234953</subfield></datafield><datafield ind1=" " ind2="7" tag="655"><subfield code="a">Newspapers.</subfield><subfield code="2">fast</subfield><subfield code="0">(OCoLC)fst01423814</subfield></datafield><datafield ind1=" " ind2="4" tag="650"><subfield code="a">Internet resources.</subfield></datafield><datafield ind1=" " ind2="4" tag="650"><subfield code="a">Electronic journals.</subfield></datafield><datafield ind1=" " ind2=" " tag="752"><subfield code="a">United States</subfield><subfield code="b">New York</subfield><subfield code="c">New York</subfield><subfield code="d">New York.</subfield></datafield><datafield ind1="0" ind2="8" tag="776"><subfield code="i">Microfilm version:</subfield><subfield code="t">New York globe (New York, N.Y. : 1880)</subfield><subfield code="w">(OCoLC)28463040</subfield></datafield><datafield ind1="0" ind2="8" tag="776"><subfield code="i">Print version:</subfield><subfield code="t">New York globe (New York, N.Y. : 1880)</subfield><subfield code="w">(DLC)sn 83027106</subfield><subfield code="w">(OCoLC)10154100</subfield></datafield><datafield ind1="0" ind2="0" tag="785"><subfield code="t">Freeman (New York, N.Y. : 1884)</subfield><subfield code="w">(OCoLC)662791654</subfield></datafield><datafield ind1="4" ind2="0" tag="856"><subfield code="u">https://dds.crl.edu/crldelivery/18867</subfield><subfield code="z">Center for Research Libraries: Jan 6, 1883-Nov 8, 1884</subfield></datafield><datafield ind1="4" ind2="0" tag="856"><subfield code="u">http://infoweb.newsbank.com/?db=EANX&amp;s_browseRef=decades/12B716B88D69D680/all.xml</subfield></datafield><datafield ind1="4" ind2=" " tag="856"><subfield code="u">http://gale.cengage.com/usnewspapers/</subfield><subfield code="z">Available to subscribing institutions</subfield></datafield></record>